<?xml version="1.0" encoding="UTF-8"?>
<record xmlns="http://www.loc.gov/MARC21/slim" xmlns:xsi="http://www.w3.org/2001/XMLSchema-instance" xsi:schemaLocation="http://www.loc.gov/MARC21/slim http://www.loc.gov/standards/marcxml/schema/MARC21slim.xsd">
<leader>00000cam a22      a 4500</leader>
<controlfield tag="001">001678533</controlfield>
<controlfield tag="003">NNU</controlfield>
<controlfield tag="005">20151014175942.0</controlfield>
<controlfield tag="008">830323s1967    iq ab    b    000 0 arar</controlfield>
<datafield tag="010" ind1=" " ind2=" ">
<subfield code="a">ne 67001999</subfield>
</datafield>
<datafield tag="035" ind1=" " ind2=" ">
<subfield code="a">(OCoLC)9336407</subfield>
<subfield code="z">(OCoLC)250061528</subfield>
</datafield>
<datafield tag="040" ind1=" " ind2=" ">
<subfield code="a">DLC</subfield>
<subfield code="b">eng</subfield>
<subfield code="c">TKN</subfield>
<subfield code="d">TKN</subfield>
<subfield code="d">LGG</subfield>
<subfield code="d">PAU</subfield>
<subfield code="d">OCLCF</subfield>
<subfield code="d">OCLCO</subfield>
<subfield code="d">OCLCQ</subfield>
</datafield>
<datafield tag="050" ind1=" " ind2="4">
<subfield code="a">DS127</subfield>
<subfield code="b">.H35 1967</subfield>
</datafield>
<datafield tag="100" ind1="1" ind2=" ">
<subfield code="6">880-01</subfield>
<subfield code="a">Ḥassūn, Fayṣal.</subfield>
</datafield>
<datafield tag="245" ind1="1" ind2="0">
<subfield code="6">880-02</subfield>
<subfield code="a">Khasirnāhā Maʻrakah fal-Narbaḥuhā Ḥarban,</subfield>
<subfield code="c">Biqalam Fayṣal Ḥassūn.</subfield>
</datafield>
<datafield tag="260" ind1=" " ind2=" ">
<subfield code="6">880-03</subfield>
<subfield code="a">Baghdād :</subfield>
<subfield code="b">Dār al-Jumhūrīyah,</subfield>
<subfield code="c">1967.</subfield>
</datafield>
<datafield tag="300" ind1=" " ind2=" ">
<subfield code="a">84 pages :</subfield>
<subfield code="b">illustrations, folded map ;</subfield>
<subfield code="c">24 cm.</subfield>
</datafield>
<datafield tag="336" ind1=" " ind2=" ">
<subfield code="a">text</subfield>
<subfield code="b">txt</subfield>
<subfield code="2">rdacontent</subfield>
</datafield>
<datafield tag="337" ind1=" " ind2=" ">
<subfield code="a">unmediated</subfield>
<subfield code="b">n</subfield>
<subfield code="2">rdamedia</subfield>
</datafield>
<datafield tag="338" ind1=" " ind2=" ">
<subfield code="a">volume</subfield>
<subfield code="b">nc</subfield>
<subfield code="2">rdacarrier</subfield>
</datafield>
<datafield tag="490" ind1="1" ind2=" ">
<subfield code="6">880-04</subfield>
<subfield code="a">Silsilat al-kutub al-ḥadīthah ;</subfield>
<subfield code="v">18</subfield>
</datafield>
<datafield tag="504" ind1=" " ind2=" ">
<subfield code="a">Includes bibliographical references.</subfield>
</datafield>
<datafield tag="650" ind1=" " ind2="0">
<subfield code="a">Israel-Arab War, 1967.</subfield>
</datafield>
<datafield tag="611" ind1="2" ind2="7">
<subfield code="a">Israel-Arab War</subfield>
<subfield code="d">(1967)</subfield>
<subfield code="2">fast</subfield>
<subfield code="0">(OCoLC)fst00980283.</subfield>
</datafield>
<datafield tag="648" ind1=" " ind2="7">
<subfield code="a">1967</subfield>
<subfield code="2">fast.</subfield>
</datafield>
<datafield tag="776" ind1="0" ind2="8">
<subfield code="i">Online version:</subfield>
<subfield code="a">Ḥassūn, Fayṣal.</subfield>
<subfield code="t">Khasirnāhā Maʻrakah fal-Narbaḥuhā Ḥarban.</subfield>
<subfield code="d">Baghdād, Dār al-Jumhūrīyah, 1967</subfield>
<subfield code="w">(OCoLC)581614388</subfield>
</datafield>
<datafield tag="776" ind1="0" ind2="8">
<subfield code="i">Online version:</subfield>
<subfield code="a">Ḥassūn, Fayṣal.</subfield>
<subfield code="t">Khasirnāhā Maʻrakah fal-Narbaḥuhā Ḥarban.</subfield>
<subfield code="d">Baghdād, Dār al-Jumhūrīyah, 1967</subfield>
<subfield code="w">(OCoLC)609017651</subfield>
</datafield>
<datafield tag="880" ind1="1" ind2=" ">
<subfield code="6">100-01/</subfield>
<subfield code="a">‏حسون، فيصل.</subfield>
</datafield>
<datafield tag="880" ind1="1" ind2="0">
<subfield code="6">245-02/</subfield>
<subfield code="a">‏خسرناها معركة .فلنربحها حربا /‏</subfield>
<subfield code="c">‏بقلم فيصل حسون.</subfield>
</datafield>
<datafield tag="880" ind1=" " ind2=" ">
<subfield code="6">260-03/</subfield>
<subfield code="a">بغداد :</subfield>
<subfield code="b">دار الجمهورية،</subfield>
<subfield code="c">1967.</subfield>
</datafield>
<datafield tag="880" ind1="1" ind2=" ">
<subfield code="6">490-04/</subfield>
<subfield code="a">‏سلسلة الكتب الحديثة؛‏</subfield>
<subfield code="v">‏١٨</subfield>
</datafield>
<datafield tag="810" ind1="1" ind2=" ">
<subfield code="6">880-05</subfield>
<subfield code="a">Iraq.</subfield>
<subfield code="b">Wizārat al-Thaqāfah wa-al-Irshād.</subfield>
<subfield code="t">Silsilat al-kutub al-ḥadīthah ;</subfield>
<subfield code="v">18.</subfield>
</datafield>
<datafield tag="880" ind1="1" ind2=" ">
<subfield code="6">810-05/</subfield>
<subfield code="a">العراق.</subfield>
<subfield code="b">وزارة الثقافة والارشاد.</subfield>
<subfield code="t">سلسلة الكتب الحديثة ؛</subfield>
<subfield code="v">18.</subfield>
</datafield>
<datafield tag="OWN" ind1=" " ind2=" ">
<subfield code="a">GENERAL</subfield>
</datafield>
<datafield tag="AVA" ind1=" " ind2=" ">
<subfield code="a">NYU50</subfield>
<subfield code="b">BOBST</subfield>
<subfield code="c">Main Collection</subfield>
<subfield code="d">DS127 .H35</subfield>
<subfield code="e">unavailable</subfield>
<subfield code="t">Unavailable</subfield>
<subfield code="f">1</subfield>
<subfield code="g">1</subfield>
<subfield code="h">N</subfield>
<subfield code="i">0</subfield>
<subfield code="j">MAIN</subfield>
<subfield code="k">0</subfield>
</datafield>
</record>
